@article{CHOLEWA2013599,
title = "On the heat transfer coefficients between heated/cooled radiant floor and room",
journal = "Energy and Buildings",
volume = "66",
pages = "599 - 606",
year = "2013",
issn = "0378-7788",
doi = "https://doi.org/10.1016/j.enbuild.2013.07.065",
url = "http://www.sciencedirect.com/science/article/pii/S0378778813004568",
author = "Tomasz Cholewa and Marian Rosiński and Zenon Spik and Marzenna R. Dudzińska and Alicja Siuta-Olcha",
keywords = "Heat transfer coefficients, Radiant floor, Radiant heating, Radiant cooling, Designing"
}