






@article{doi:10.1080/14733315.2011.11683895,
author = {Bjarne W. Olesen and Angela Simone and Michal Krajc√çik and Francesco Causone and Michele De Carli},
title = {Experimental Study of Air Distribution and Ventilation Effectiveness in a Room with a Combination of Different Mechanical Ventilation and Heating/Cooling Systems},
journal = {International Journal of Ventilation},
volume = {9},
number = {4},
pages = {371-383},
year  = {2011},
publisher = {Taylor & Francis},
doi = {10.1080/14733315.2011.11683895},

URL = { 
        https://doi.org/10.1080/14733315.2011.11683895
    
},
eprint = { 
        https://doi.org/10.1080/14733315.2011.11683895
    
}

}


