

@article{Olesen,
	author = {Bjarne W. Olesen and Angela Simone and Michal KrajcÍik and Francesco Causone and Michele De Carli},
	title = {Experimental Study of Air Distribution and Ventilation Effectiveness in a Room with a Combination of Different Mechanical Ventilation and Heating/Cooling Systems},
	journal = {International Journal of Ventilation},
	volume = {9},
	number = {4},
	pages = {371-383},
	year  = {2011},
	publisher = {Taylor & Francis},
	doi = {10.1080/14733315.2011.11683895},
	
	URL = { 
	https://doi.org/10.1080/14733315.2011.11683895
	
	},
	eprint = { 
	https://doi.org/10.1080/14733315.2011.11683895
	
	}
	
}



@book{Herz,
  TITLE = {Több, mint hidraulika},
  AUTHOR = {Csoknyai István},
  YEAR = {2013},
  PUBLISHER = {Herz Armatúra Hungária Kft},
  isbn={978-963-08-7808-1},
  pages={560},
}

@article{CHOLEWA2013599,
	title = "On the heat transfer coefficients between heated/cooled radiant floor and room",
	journal = "Energy and Buildings",
	volume = "66",
	pages = "599 - 606",
	year = "2013",
	issn = "0378-7788",
	doi = "https://doi.org/10.1016/j.enbuild.2013.07.065",
	url = "http://www.sciencedirect.com/science/article/pii/S0378778813004568",
	author = "Tomasz Cholewa and Marian Rosiński and Zenon Spik and Marzenna R. Dudzińska and Alicja Siuta-Olcha",
	keywords = "Heat transfer coefficients, Radiant floor, Radiant heating, Radiant cooling, Designing"
}